<record><leader>00000cas a22000007a 4500</leader><controlfield tag="001">21742748</controlfield><controlfield tag="008">900608d19111929couwr ne      0    0eng d</controlfield><datafield ind1=" " ind2=" " tag="010"><subfield code="a">sn 90051392 </subfield></datafield><datafield ind1=" " ind2=" " tag="040"><subfield code="a">CNQ</subfield><subfield code="b">eng</subfield><subfield code="c">CNQ</subfield><subfield code="d">NVO</subfield><subfield code="d">OCLCQ</subfield></datafield><datafield ind1=" " ind2=" " tag="042"><subfield code="a">msc</subfield></datafield><datafield ind1="0" ind2="4" tag="245"><subfield code="a">The Craig empire.</subfield></datafield><datafield ind1=" " ind2=" " tag="260"><subfield code="a">Craig, Routt County, Colo. :</subfield><subfield code="b">Geo. M. Kimball</subfield></datafield><datafield ind1=" " ind2=" " tag="300"><subfield code="a">v.</subfield></datafield><datafield ind1=" " ind2=" " tag="310"><subfield code="a">Weekly</subfield></datafield><datafield ind1="0" ind2=" " tag="362"><subfield code="a">Vol. 1, no. 1 (Jan. 28, 1911)-</subfield></datafield><datafield ind1="1" ind2=" " tag="362"><subfield code="a">Ceased in Dec. 1929.</subfield></datafield><datafield ind1=" " ind2=" " tag="530"><subfield code="a">Available on microfilm from the Colorado Historical Society.</subfield></datafield><datafield ind1=" " ind2=" " tag="580"><subfield code="a">Absorbed: Snake River sentinel, Nov. 3, 1926.</subfield></datafield><datafield ind1=" " ind2=" " tag="752"><subfield code="a">United States</subfield><subfield code="b">Colorado</subfield><subfield code="c">Moffat</subfield><subfield code="d">Craig.</subfield></datafield><datafield ind1=" " ind2=" " tag="752"><subfield code="a">United States</subfield><subfield code="b">Colorado</subfield><subfield code="c">Routt</subfield><subfield code="d">Craig.</subfield></datafield><datafield ind1="1" ind2="5" tag="780"><subfield code="t">Snake River sentinel</subfield><subfield code="w">(DLC)sn 93070017</subfield></datafield><datafield ind1="0" ind2="7" tag="785"><subfield code="t">Moffat County courier</subfield><subfield code="w">(DLC)sn 90051391</subfield></datafield><datafield ind1="0" ind2="7" tag="785"><subfield code="t">Craig empire-courier</subfield><subfield code="w">(DLC)sn 90051389</subfield></datafield></record>